@inproceedings{Talkminer,
 author = {Adcock, John and Cooper, Matthew and Denoue, Laurent and Pirsiavash, Hamed and Rowe, Lawrence A.},
 title = {TalkMiner: A Search Engine for Online Lecture Video},
 booktitle = {Proceedings of the 18th ACM International Conference on Multimedia},
 series = {MM '10},
 year = {2010},
 isbn = {978-1-60558-933-6},
 location = {Firenze, Italy},
 pages = {1507--1508},
 numpages = {2},
 url = {http://doi.acm.org/10.1145/1873951.1874263},
 doi = {10.1145/1873951.1874263},
 acmid = {1874263},
 publisher = {ACM},
 address = {New York, NY, USA},
 keywords = {online, search, video},
}